@misc{Shaloy2022,
	title = {Solving the steady and unsteady 2D heat conduction equations.: Skill-lync},
	url={https://skill-lync.com/student-projects/week-5-mid-term-project-solving-the-steady-and-unsteady-2d-heat-conduction-problem-26},
        journal={Skill-Lync},
        author = {Shaloy, LewisElshan},
        year = {2022},
        month = {Dec}
}

@misc{khanhnguyenduy147,
	title = {DLA Virus Development},
	url={https://github.com/khanhnguyenduy147/DLA-Virus-Development/tree/main},
        journal={Github},
        author = {Nguyen Khanh Duy},
        year = {2022},
        month = {Dec}
}